@misc{WebComponentsC24:online,
    author = {Blog, SelfHTML},
    citeulike-article-id = {13842705},
    howpublished = {\\urlhttps://blog.selfhtml.org/2014/12/09/web-components-eine-einfuehrung/},
    keywords = {web-components},
    month = dec,
    note = {(Visited on 20.11.2015)},
    posted-at = {2015-11-20 13:58:57},
    priority = {0},
    title = {{Web Components â€“ eine Einf\"{u}hrung}},
    year = {2014}
}

@misc{WebComponentsC6:online,
    author = {Kr\"{o}ner, Peter},
    citeulike-article-id = {13842702},
    howpublished = {\\urlhttp://www.peterkroener.de/web-components-erklaert-teil-1-was-sind-web-components},
    keywords = {web-components},
    month = may,
    note = {(Visited on 20.11.2015)},
    posted-at = {2015-11-20 13:56:26},
    priority = {0},
    title = {{Web Components erkl\"{a}rt, Teil 1: Was sind Web Components?}},
    year = {2014}
}

@misc{WebZukunftW4:online,
    author = {Kr\"{o}ner, Peter},
    citeulike-article-id = {13842701},
    howpublished = {\\urlhttp://webkrauts.de/artikel/2014/das-web-der-zukunft},
    keywords = {web-components},
    month = dec,
    note = {(Visited on 20.11.2015)},
    posted-at = {2015-11-20 13:54:34},
    priority = {0},
    title = {{Das Web der Zukunft}},
    year = {2014}
}
