@book{citeulike:13920434,
    author = {Robin B\"{o}hm Philipp Tarasiewicz},
    citeulike-article-id = {13920434},
    citeulike-linkout-0 = {http://www.amazon.ca/exec/obidos/redirect?tag=citeulike09-20\&amp;path=ASIN/3864901545},
    citeulike-linkout-1 = {http://www.amazon.de/exec/obidos/redirect?tag=citeulike01-21\&amp;path=ASIN/3864901545},
    citeulike-linkout-2 = {http://www.amazon.fr/exec/obidos/redirect?tag=citeulike06-21\&amp;path=ASIN/3864901545},
    citeulike-linkout-3 = {http://www.amazon.jp/exec/obidos/ASIN/3864901545},
    citeulike-linkout-4 = {http://www.amazon.co.uk/exec/obidos/ASIN/3864901545/citeulike00-21},
    citeulike-linkout-5 = {http://www.amazon.com/exec/obidos/redirect?tag=citeulike07-20\&path=ASIN/3864901545},
    citeulike-linkout-6 = {http://www.worldcat.org/isbn/3864901545},
    citeulike-linkout-7 = {http://books.google.com/books?vid=ISBN3864901545},
    citeulike-linkout-8 = {http://www.amazon.com/gp/search?keywords=3864901545\&index=books\&linkCode=qs},
    citeulike-linkout-9 = {http://www.librarything.com/isbn/3864901545},
    day = {01},
    howpublished = {Perfect Paperback},
    isbn = {3864901545},
    month = may,
    posted-at = {2016-01-27 16:51:07},
    priority = {2},
    publisher = {Dpunkt.Verlag GmbH},
    title = {{AngularJS}},
    url = {http://www.worldcat.org/isbn/3864901545},
    year = {2014}
}

@electronic{citeulike:13916374,
    citeulike-article-id = {13916374},
    citeulike-linkout-0 = {https://elements.polymer-project.org/},
    howpublished = {https://elements.polymer-project.org/},
    key = {Polymer - Element Catalog},
    posted-at = {2016-01-25 15:40:31},
    priority = {2},
    title = {{Element Catalog}},
    url = {https://elements.polymer-project.org/},
    year = {web}
}

@electronic{citeulike:13916358,
    author = {Yeoman},
    citeulike-article-id = {13916358},
    citeulike-linkout-0 = {http://yeoman.io/},
    howpublished = {http://yeoman.io/},
    posted-at = {2016-01-25 15:21:33},
    priority = {2},
    title = {{Yeoman Website}},
    url = {http://yeoman.io/},
    year = {web}
}

@electronic{citeulike:13915310,
    author = {{W3C}},
    citeulike-article-id = {13915310},
    citeulike-linkout-0 = {https://www.w3.org/TR/WCAG20/},
    day = {11},
    howpublished = {https://www.w3.org/TR/WCAG20/},
    month = dec,
    posted-at = {2016-01-24 15:34:53},
    priority = {2},
    title = {{Web Content Accessibility Guidelines (WCAG) 2.0}},
    url = {https://www.w3.org/TR/WCAG20/},
    year = {2008}
}

@electronic{citeulike:13915306,
    author = {{W3C}},
    citeulike-article-id = {13915306},
    citeulike-linkout-0 = {http://www.w3.org/WAI/PF/aria-implementation/\#intro\_treetypes},
    day = {3},
    howpublished = {http://www.w3.org/WAI/PF/aria-implementation/\#intro\_treetypes},
    month = feb,
    organization = {W3C},
    posted-at = {2016-01-24 15:16:36},
    priority = {2},
    title = {{The Accessibility Tree and the DOM Tree}},
    url = {http://www.w3.org/WAI/PF/aria-implementation/\#intro\_treetypes},
    year = {2014}
}

@electronic{citeulike:13915280,
    author = {{W3C}},
    citeulike-article-id = {13915280},
    citeulike-linkout-0 = {https://www.w3.org/WAI/intro/accessibility.php},
    howpublished = {https://www.w3.org/WAI/intro/accessibility.php},
    posted-at = {2016-01-24 14:13:24},
    priority = {2},
    title = {{Introduction to Web Accessibility}},
    url = {https://www.w3.org/WAI/intro/accessibility.php},
    year = {web}
}

@electronic{citeulike:13915273,
    author = {Sutton, Marcy},
    citeulike-article-id = {13915273},
    citeulike-linkout-0 = {https://www.smashingmagazine.com/2015/05/client-rendered-accessibility/},
    day = {6},
    howpublished = {https://www.smashingmagazine.com/2015/05/client-rendered-accessibility/},
    month = may,
    posted-at = {2016-01-24 14:08:11},
    priority = {2},
    publisher = {Smashing Magazine},
    title = {{Notes On Client-Rendered Accessibility}},
    url = {https://www.smashingmagazine.com/2015/05/client-rendered-accessibility/},
    year = {2015}
}

@electronic{citeulike:13915222,
    citeulike-article-id = {13915222},
    citeulike-linkout-0 = {https://github.com/Polymer/polymer-gestures},
    howpublished = {https://github.com/Polymer/polymer-gestures},
    key = {Polymer - Gestures},
    posted-at = {2016-01-24 12:38:48},
    priority = {2},
    title = {{Gestures}},
    url = {https://github.com/Polymer/polymer-gestures},
    year = {web}
}

@book{citeulike:13262776,
    author = {Grigorik, Ilya},
    citeulike-article-id = {13262776},
    citeulike-linkout-0 = {http://www.amazon.ca/exec/obidos/redirect?tag=citeulike09-20\&amp;path=ASIN/1449344763},
    citeulike-linkout-1 = {http://www.amazon.de/exec/obidos/redirect?tag=citeulike01-21\&amp;path=ASIN/1449344763},
    citeulike-linkout-2 = {http://www.amazon.fr/exec/obidos/redirect?tag=citeulike06-21\&amp;path=ASIN/1449344763},
    citeulike-linkout-3 = {http://www.amazon.jp/exec/obidos/ASIN/1449344763},
    citeulike-linkout-4 = {http://www.amazon.co.uk/exec/obidos/ASIN/1449344763/citeulike00-21},
    citeulike-linkout-5 = {http://www.amazon.com/exec/obidos/redirect?tag=citeulike07-20\&path=ASIN/1449344763},
    citeulike-linkout-6 = {http://www.worldcat.org/isbn/1449344763},
    citeulike-linkout-7 = {http://books.google.com/books?vid=ISBN1449344763},
    citeulike-linkout-8 = {http://www.amazon.com/gp/search?keywords=1449344763\&index=books\&linkCode=qs},
    citeulike-linkout-9 = {http://www.librarything.com/isbn/1449344763},
    day = {30},
    edition = {1},
    howpublished = {Paperback},
    isbn = {1449344763},
    month = sep,
    posted-at = {2016-01-24 11:45:01},
    priority = {2},
    publisher = {O'Reilly Media},
    title = {{High Performance Browser Networking: What every web developer should know about networking and web performance}},
    url = {http://www.worldcat.org/isbn/1449344763},
    year = {2013}
}

@electronic{citeulike:13915203,
    author = {Lewis, Paul},
    citeulike-article-id = {13915203},
    citeulike-linkout-0 = {https://aerotwist.com/blog/polymer-for-the-performance-obsessed/},
    day = {11},
    howpublished = {https://aerotwist.com/blog/polymer-for-the-performance-obsessed/},
    month = jun,
    posted-at = {2016-01-24 11:42:22},
    priority = {2},
    title = {{Polymer for the Performance-obsessed}},
    url = {https://aerotwist.com/blog/polymer-for-the-performance-obsessed/},
    year = {2015}
}

@electronic{citeulike:13915202,
    citeulike-article-id = {13915202},
    citeulike-linkout-0 = {https://chrome.google.com/webstore/detail/polymer-devtools-extensio/mmpfaamodhhlbadloaibpocmcomledcg},
    howpublished = {https://chrome.google.com/webstore/detail/polymer-devtools-extensio/mmpfaamodhhlbadloaibpocmcomledcg},
    key = {Polymer - DevTools Extension},
    posted-at = {2016-01-24 11:40:38},
    priority = {2},
    title = {{DevTools Extension}},
    url = {https://chrome.google.com/webstore/detail/polymer-devtools-extensio/mmpfaamodhhlbadloaibpocmcomledcg},
    year = {web}
}

@electronic{citeulike:13915080,
    citeulike-article-id = {13915080},
    citeulike-linkout-0 = {https://www.polymer-project.org/1.0/docs/devguide/feature-overview.html},
    howpublished = {https://www.polymer-project.org/1.0/docs/devguide/feature-overview.html},
    key = {Polymer - Documentation},
    posted-at = {2016-01-23 18:16:10},
    priority = {2},
    title = {{Documentation}},
    url = {https://www.polymer-project.org/1.0/docs/devguide/feature-overview.html},
    year = {web}
}

@electronic{citeulike:13915079,
    citeulike-article-id = {13915079},
    citeulike-linkout-0 = {https://github.com/Polymer/polycasts/blob/master/ep21-behaviors/behaviors-demo/elements/pressed-behavior/pressed-behavior.html},
    howpublished = {https://github.com/Polymer/polycasts/blob/master/ep21-behaviors/behaviors-demo/elements/pressed-behavior/pressed-behavior.html},
    key = {Polymer - Pressed Behavior},
    posted-at = {2016-01-23 18:14:48},
    priority = {2},
    title = {{Pressed Behavior}},
    url = {https://github.com/Polymer/polycasts/blob/master/ep21-behaviors/behaviors-demo/elements/pressed-behavior/pressed-behavior.html},
    year = {web}
}

@electronic{citeulike:13914892,
    author = {{The Chromium Projects}},
    citeulike-article-id = {13914892},
    citeulike-linkout-0 = {https://www.chromium.org/developers/polymer-1-0\#TOC-Achieving-data-binding-nirvana},
    howpublished = {https://www.chromium.org/developers/polymer-1-0\#TOC-Achieving-data-binding-nirvana},
    posted-at = {2016-01-23 10:08:26},
    priority = {2},
    title = {{Achieving data binding nirvana}},
    url = {https://www.chromium.org/developers/polymer-1-0\#TOC-Achieving-data-binding-nirvana},
    year = {web}
}

@electronic{citeulike:13914840,
    citeulike-article-id = {13914840},
    citeulike-linkout-0 = {http://polymer.github.io/polymer/},
    howpublished = {http://polymer.github.io/polymer/},
    key = {Polymer - Base Documentation},
    posted-at = {2016-01-23 08:14:46},
    priority = {2},
    title = {{Base Documentation}},
    url = {http://polymer.github.io/polymer/},
    year = {web}
}

@electronic{citeulike:13914379,
    author = {Bateman, Chris},
    citeulike-article-id = {13914379},
    citeulike-linkout-0 = {http://cbateman.com/blog/a-no-nonsense-guide-to-web-components-part-2-practical-use/},
    day = {17},
    howpublished = {http://cbateman.com/blog/a-no-nonsense-guide-to-web-components-part-2-practical-use/},
    month = dec,
    posted-at = {2016-01-22 18:43:14},
    priority = {2},
    title = {{A No-Nonsense Guide to Web Components}},
    url = {http://cbateman.com/blog/a-no-nonsense-guide-to-web-components-part-2-practical-use/},
    year = {2014}
}

@electronic{citeulike:13914241,
    author = {Sharp, Remi},
    citeulike-article-id = {13914241},
    citeulike-linkout-0 = {https://remysharp.com/2010/10/08/what-is-a-polyfill},
    day = {8},
    howpublished = {https://remysharp.com/2010/10/08/what-is-a-polyfill},
    month = oct,
    posted-at = {2016-01-22 15:17:28},
    priority = {2},
    title = {{What is a Polyfill?}},
    url = {https://remysharp.com/2010/10/08/what-is-a-polyfill},
    year = {2010}
}

@electronic{citeulike:13914239,
    citeulike-article-id = {13914239},
    citeulike-linkout-0 = {http://webcomponents.org/polyfills/},
    howpublished = {http://webcomponents.org/polyfills/},
    key = {WebComponents - Polyfills},
    posted-at = {2016-01-22 15:16:18},
    priority = {2},
    title = {{Polyfills}},
    url = {http://webcomponents.org/polyfills/},
    year = {web}
}

@electronic{citeulike:13914238,
    citeulike-article-id = {13914238},
    citeulike-linkout-0 = {https://github.com/webcomponents/webcomponentsjs},
    howpublished = {https://github.com/webcomponents/webcomponentsjs},
    key = {WebComponents - webcomponents.js},
    posted-at = {2016-01-22 15:14:30},
    priority = {2},
    title = {{webcomponents.js}},
    url = {https://github.com/webcomponents/webcomponentsjs},
    year = {web}
}

@electronic{citeulike:13914237,
    author = {Microsoft},
    citeulike-article-id = {13914237},
    citeulike-linkout-0 = {https://dev.windows.com/en-us/microsoft-edge/platform/status/?filter=f3f0000bf\&\#38;search=web\%20components},
    howpublished = {https://dev.windows.com/en-us/microsoft-edge/platform/status/?filter=f3f0000bf\&search=web\%20components},
    posted-at = {2016-01-22 15:13:05},
    priority = {2},
    title = {{Developer Resources: Microsoft Edge Dev}},
    url = {https://dev.windows.com/en-us/microsoft-edge/platform/status/?filter=f3f0000bf\&\#38;search=web\%20components},
    year = {web}
}

@book{citeulike:13914234,
    author = {Satrom, Brandon},
    citeulike-article-id = {13914234},
    citeulike-linkout-0 = {http://www.amazon.ca/exec/obidos/redirect?tag=citeulike09-20\&amp;path=ASIN/B00IK4YNMY},
    citeulike-linkout-1 = {http://www.amazon.de/exec/obidos/redirect?tag=citeulike01-21\&amp;path=ASIN/B00IK4YNMY},
    citeulike-linkout-2 = {http://www.amazon.fr/exec/obidos/redirect?tag=citeulike06-21\&amp;path=ASIN/B00IK4YNMY},
    citeulike-linkout-3 = {http://www.amazon.jp/exec/obidos/ASIN/B00IK4YNMY},
    citeulike-linkout-4 = {http://www.amazon.co.uk/exec/obidos/ASIN/B00IK4YNMY/citeulike00-21},
    citeulike-linkout-5 = {http://www.amazon.com/exec/obidos/redirect?tag=citeulike07-20\&path=ASIN/B00IK4YNMY},
    citeulike-linkout-6 = {http://www.worldcat.org/isbn/9781449370701},
    citeulike-linkout-7 = {http://books.google.com/books?vid=ISBN9781449370701},
    citeulike-linkout-8 = {http://www.amazon.com/gp/search?keywords=9781449370701\&index=books\&linkCode=qs},
    citeulike-linkout-9 = {http://www.librarything.com/isbn/9781449370701},
    day = {18},
    edition = {1},
    howpublished = {Kindle Edition},
    keywords = {web-components},
    month = feb,
    posted-at = {2016-01-22 15:11:47},
    priority = {0},
    publisher = {O'Reilly Media},
    title = {{Building Polyfills}},
    url = {http://www.worldcat.org/isbn/9781449370701},
    year = {2014}
}

@electronic{citeulike:13914233,
    citeulike-article-id = {13914233},
    citeulike-linkout-0 = {http://jonrimmer.github.io/are-we-componentized-yet/},
    keywords = {web-components},
    posted-at = {2016-01-22 15:08:05},
    priority = {0},
    title = {{Are We Componentized Yet}},
    url = {http://jonrimmer.github.io/are-we-componentized-yet/},
    year = {web}
}

@electronic{citeulike:13886251,
    citeulike-article-id = {13886251},
    citeulike-linkout-0 = {https://www.polymer-project.org/1.0/articles/shadydom.html},
    howpublished = {https://www.polymer-project.org/1.0/articles/shadydom.html},
    key = {Polymer - Shady DOM},
    posted-at = {2015-12-17 08:57:29},
    priority = {2},
    title = {{What is shady DOM? - Polymer 1.0}},
    url = {https://www.polymer-project.org/1.0/articles/shadydom.html},
    year = {web}
}

@electronic{citeulike:13883407,
    citeulike-article-id = {13883407},
    citeulike-linkout-0 = {http://caniuse.com/\#search=shadow\%20dom},
    howpublished = {http://caniuse.com/\#search=shadow\%20dom},
    key = {Can I Use - Shadow DOM},
    posted-at = {2015-12-14 13:39:56},
    priority = {2},
    title = {{Shadow DOM}},
    url = {http://caniuse.com/\#search=shadow\%20dom},
    year = {web}
}

@electronic{citeulike:13883381,
    author = {{W3C}},
    citeulike-article-id = {13883381},
    citeulike-linkout-0 = {https://drafts.csswg.org/css-variables/},
    day = {25},
    howpublished = {http://dev.w3.org/csswg/css-variables/},
    month = oct,
    organization = {W3C},
    posted-at = {2015-12-14 12:33:21},
    priority = {2},
    title = {{CSS Custom Properties for Cascading Variables Module Level 1}},
    url = {https://drafts.csswg.org/css-variables/},
    year = {2015}
}

@electronic{citeulike:13883067,
    author = {{W3C}},
    citeulike-article-id = {13883067},
    citeulike-linkout-0 = {https://drafts.csswg.org/css-scoping/},
    day = {15},
    howpublished = {https://drafts.csswg.org/css-scoping/},
    month = oct,
    organization = {W3C},
    posted-at = {2015-12-14 10:04:03},
    priority = {2},
    title = {{CSS Scoping Module Level 1}},
    url = {https://drafts.csswg.org/css-scoping/},
    year = {2015}
}

@electronic{citeulike:13881144,
    author = {Mozilla},
    citeulike-article-id = {13881144},
    citeulike-linkout-0 = {https://hacks.mozilla.org/2015/06/the-state-of-web-components/},
    day = {9},
    howpublished = {https://hacks.mozilla.org/2015/06/the-state-of-web-components/},
    month = jun,
    organization = {Mozilla},
    posted-at = {2015-12-10 13:57:18},
    priority = {2},
    title = {{The state of Web Components}},
    url = {https://hacks.mozilla.org/2015/06/the-state-of-web-components/},
    year = {2015}
}

@electronic{citeulike:13879687,
    author = {{W3C}},
    citeulike-article-id = {13879687},
    citeulike-linkout-0 = {http://www.w3.org/TR/shadow-dom/},
    day = {06},
    howpublished = {http://www.w3.org/TR/shadow-dom/},
    month = oct,
    organization = {W3C},
    posted-at = {2015-12-10 12:22:01},
    priority = {2},
    title = {{Shadow DOM}},
    url = {http://www.w3.org/TR/shadow-dom/},
    year = {2015}
}

@electronic{citeulike:13879681,
    citeulike-article-id = {13879681},
    citeulike-linkout-0 = {https://github.com/polymer/vulcanize},
    howpublished = {https://github.com/polymer/vulcanize},
    key = {Polymer - Vulcanize},
    posted-at = {2015-12-10 12:14:57},
    priority = {0},
    title = {{Vulcanize}},
    url = {https://github.com/polymer/vulcanize},
    year = {web}
}

@electronic{citeulike:13879575,
    author = {W3Techs},
    citeulike-article-id = {13879575},
    citeulike-linkout-0 = {http://w3techs.com/technologies/details/ce-http2/all/all},
    howpublished = {http://w3techs.com/technologies/details/ce-http2/all/all},
    month = dec,
    posted-at = {2015-12-10 10:37:22},
    priority = {2},
    title = {{Usage Statistics of HTTP/2 for Websites}},
    url = {http://w3techs.com/technologies/details/ce-http2/all/all},
    year = {2015}
}

@electronic{citeulike:13879562,
    citeulike-article-id = {13879562},
    citeulike-linkout-0 = {http://caniuse.com/\#search=http},
    howpublished = {http://caniuse.com/\#search=http},
    key = {Can I Use - HTTP/2},
    posted-at = {2015-12-10 10:23:19},
    priority = {2},
    title = {HTTP/2},
    url = {http://caniuse.com/\#search=http},
    year = {web}
}

@misc{citeulike:13853724,
    author = {Hongkiat},
    citeulike-article-id = {13853724},
    citeulike-linkout-0 = {http://www.hongkiat.com/blog/html-import/},
    howpublished = {http://www.hongkiat.com/blog/html-import/},
    key = {Hongkiat},
    posted-at = {2015-12-04 10:21:30},
    priority = {2},
    publisher = {Hongkiat},
    title = {{Append And Reuse HTML Docs With HTML Import}},
    url = {http://www.hongkiat.com/blog/html-import/},
    year = {2014}
}

@misc{citeulike:13853714,
    author = {Perterkroener},
    citeulike-article-id = {13853714},
    citeulike-linkout-0 = {http://www.peterkroener.de/fragen-zu-html5-und-co-beantwortet-15-web-components-performance-css-variablen-data-urls-async/},
    day = {20},
    howpublished = {http://www.peterkroener.de/fragen-zu-html5-und-co-beantwortet-15-web-components-performance-css-variablen-data-urls-async/},
    key = {perterkroener.der},
    month = aug,
    posted-at = {2015-12-04 10:11:27},
    priority = {2},
    publisher = {perterkroener.der},
    title = {{Fragen zu HTML5 und Co beantwortet 15 - Web Components versus Performance und Async, CSS-Variablen, Data-URLs}},
    url = {http://www.peterkroener.de/fragen-zu-html5-und-co-beantwortet-15-web-components-performance-css-variablen-data-urls-async/},
    year = {2014}
}

@electronic{citeulike:13853711,
    citeulike-article-id = {13853711},
    citeulike-linkout-0 = {http://caniuse.com/\#search=imports},
    howpublished = {http://caniuse.com/\#search=imports},
    key = {Can I Use - HTML Imports},
    posted-at = {2015-12-04 10:07:39},
    priority = {2},
    title = {{HTML Imports}},
    url = {http://caniuse.com/\#search=imports},
    year = {web}
}

@electronic{citeulike:13853700,
    author = {Kitamura, Eiji},
    citeulike-article-id = {13853700},
    citeulike-linkout-0 = {http://webcomponents.org/articles/introduction-to-html-imports/},
    day = {4},
    howpublished = {http://webcomponents.org/articles/introduction-to-html-imports/},
    month = jan,
    posted-at = {2015-12-04 09:52:16},
    priority = {2},
    title = {{Introduction to HTML Imports}},
    url = {http://webcomponents.org/articles/introduction-to-html-imports/},
    year = {2015}
}

@electronic{citeulike:13853647,
    citeulike-article-id = {13853647},
    citeulike-linkout-0 = {http://www.html5rocks.com/en/tutorials/webcomponents/imports/},
    day = {18},
    howpublished = {http://www.html5rocks.com/en/tutorials/webcomponents/imports/},
    key = {HTML5Rocks},
    month = dec,
    posted-at = {2015-12-04 08:28:50},
    priority = {2},
    publisher = {HTML5Rocks},
    title = {{HTML Imports: \#include for the web}},
    url = {http://www.html5rocks.com/en/tutorials/webcomponents/imports/},
    year = {2013}
}

@electronic{citeulike:13853643,
    author = {{W3C}},
    citeulike-article-id = {13853643},
    citeulike-linkout-0 = {http://www.w3.org/TR/cors/},
    day = {14},
    howpublished = {http://www.w3.org/TR/cors/},
    month = jan,
    organization = {W3C},
    posted-at = {2015-12-04 08:22:39},
    priority = {2},
    title = {{Cross-Origin Resource Sharing}},
    url = {http://www.w3.org/TR/cors/},
    year = {2014}
}

@electronic{citeulike:13853253,
    author = {{MDN}},
    citeulike-article-id = {13853253},
    citeulike-linkout-0 = {https://developer.mozilla.org/en-US/docs/Web/Security/Same-origin\_policy},
    day = {31},
    howpublished = {https://developer.mozilla.org/en-US/docs/Web/Security/Same-origin\_policy},
    month = oct,
    organization = {Mozilla Developer Network},
    posted-at = {2015-12-03 15:49:04},
    priority = {2},
    title = {{Same-origin policy}},
    url = {https://developer.mozilla.org/en-US/docs/Web/Security/Same-origin\_policy},
    year = {2015}
}

@electronic{citeulike:13853159,
    author = {{W3C}},
    citeulike-article-id = {13853159},
    citeulike-linkout-0 = {http://www.w3.org/TR/html5/scripting-1.html\#the-template-element},
    day = {24},
    howpublished = {http://www.w3.org/TR/html5/scripting-1.html\#the-template-element},
    month = oct,
    organization = {W3C},
    posted-at = {2015-12-03 13:31:16},
    priority = {2},
    title = {{HTML Templates}},
    url = {http://www.w3.org/TR/html5/scripting-1.html\#the-template-element},
    year = {2014}
}

@electronic{citeulike:13853018,
    author = {Kitamura, Eiji},
    citeulike-article-id = {13853018},
    citeulike-linkout-0 = {http://webcomponents.org/articles/introduction-to-template-element/},
    day = {6},
    howpublished = {http://webcomponents.org/articles/introduction-to-template-element/},
    month = oct,
    posted-at = {2015-12-03 09:51:02},
    priority = {0},
    title = {{Introduction to the template elements}},
    url = {http://webcomponents.org/articles/introduction-to-template-element/},
    year = {2014}
}

@misc{citeulike:13853015,
    author = {Namics},
    citeulike-article-id = {13853015},
    citeulike-linkout-0 = {https://frontend.namics.com/2014/03/20/web-components-html-templates-2/},
    day = {20},
    howpublished = {https://frontend.namics.com/2014/03/20/web-components-html-templates-2/},
    month = mar,
    posted-at = {2015-12-03 09:48:42},
    priority = {0},
    publisher = {Namics},
    title = {{Web Components: HTML Templates}},
    url = {https://frontend.namics.com/2014/03/20/web-components-html-templates-2/},
    year = {2014}
}

@misc{citeulike:13853013,
    author = {Rocks, Html5},
    citeulike-article-id = {13853013},
    citeulike-linkout-0 = {http://www.html5rocks.com/en/tutorials/webcomponents/template/},
    day = {18},
    howpublished = {http://www.html5rocks.com/en/tutorials/webcomponents/template/},
    key = {HTML5 Rocks},
    month = dec,
    posted-at = {2015-12-03 09:47:06},
    priority = {0},
    publisher = {HTML5 Rocks},
    title = {{HTML's New Template Tag: standardizing client-side templating}},
    url = {http://www.html5rocks.com/en/tutorials/webcomponents/template/},
    year = {2013}
}

@electronic{citeulike:13852997,
    author = {{MDN}},
    citeulike-article-id = {13852997},
    citeulike-linkout-0 = {https://developer.mozilla.org/de/docs/Web/HTML/Element/template},
    day = {03},
    howpublished = {https://developer.mozilla.org/de/docs/Web/HTML/Element/template},
    month = dec,
    organization = {Mozilla Developer Network},
    posted-at = {2015-12-03 09:28:29},
    priority = {0},
    title = {{template - HTML}},
    url = {https://developer.mozilla.org/de/docs/Web/HTML/Element/template},
    year = {2015}
}

@misc{citeulike:13851421,
    author = {Bidelman, Eric},
    citeulike-article-id = {13851421},
    citeulike-linkout-0 = {http://www.html5rocks.com/en/tutorials/webcomponents/shadowdom-201/\#toc-style-disbtributed-nodes},
    day = {10},
    howpublished = {http://www.html5rocks.com/en/tutorials/webcomponents/shadowdom-201/},
    month = apr,
    posted-at = {2015-12-01 15:21:02},
    priority = {0},
    publisher = {HTML5 Rocks},
    title = {{Shadow DOM 201: CSS and Styling}},
    url = {http://www.html5rocks.com/en/tutorials/webcomponents/shadowdom-201/\#toc-style-disbtributed-nodes},
    year = {2014}
}

@misc{citeulike:13851404,
    author = {Cooney, Dominic and Bidelman, Eric},
    citeulike-article-id = {13851404},
    citeulike-linkout-0 = {http://www.html5rocks.com/en/tutorials/webcomponents/shadowdom/\#toc-separation-separate},
    day = {18},
    howpublished = {http://www.html5rocks.com/en/tutorials/webcomponents/shadowdom/},
    month = dec,
    posted-at = {2015-12-01 15:08:11},
    priority = {0},
    publisher = {HTML5 Rocks},
    title = {{Shadow DOM 101}},
    url = {http://www.html5rocks.com/en/tutorials/webcomponents/shadowdom/\#toc-separation-separate},
    year = {2013}
}

@misc{citeulike:13851402,
    author = {Bidelman, Eric},
    citeulike-article-id = {13851402},
    citeulike-linkout-0 = {http://www.html5rocks.com/en/tutorials/webcomponents/shadowdom-301/?redirect\_from\_locale=de\#toc-distributed-nodes},
    day = {18},
    howpublished = {http://www.html5rocks.com/en/tutorials/webcomponents/shadowdom-301/},
    month = dec,
    posted-at = {2015-12-01 15:06:23},
    priority = {0},
    publisher = {HTML5 Rocks},
    title = {{Shadow DOM 301: Advanced Concepts \& DOM APIs}},
    url = {http://www.html5rocks.com/en/tutorials/webcomponents/shadowdom-301/?redirect\_from\_locale=de\#toc-distributed-nodes},
    year = {2013}
}

@misc{citeulike:13851350,
    author = {Ihrig, Colin},
    citeulike-article-id = {13851350},
    citeulike-linkout-0 = {http://www.sitepoint.com/the-basics-of-the-shadow-dom/},
    day = {01},
    howpublished = {http://www.sitepoint.com/the-basics-of-the-shadow-dom/},
    month = aug,
    posted-at = {2015-12-01 13:56:20},
    priority = {0},
    publisher = {Sitepoint},
    title = {{The Basics of the Shadow DOM}},
    url = {http://www.sitepoint.com/the-basics-of-the-shadow-dom/},
    year = {2012}
}

@misc{citeulike:13851334,
    author = {Dodson, Rob},
    citeulike-article-id = {13851334},
    citeulike-linkout-0 = {http://robdodson.me/shadow-dom-css-cheat-sheet/},
    day = {11},
    howpublished = {http://robdodson.me/shadow-dom-css-cheat-sheet/},
    month = apr,
    posted-at = {2015-12-01 13:07:26},
    priority = {0},
    title = {{Shadow DOM CSS Cheat Sheet}},
    url = {http://robdodson.me/shadow-dom-css-cheat-sheet/},
    year = {2014}
}

@electronic{citeulike:13851253,
    author = {{WHATWG}},
    citeulike-article-id = {13851253},
    citeulike-linkout-0 = {https://html.spec.whatwg.org/multipage/dom.html\#htmlunknownelement},
    editor = {Apple and Mozilla and Google},
    howpublished = {https://html.spec.whatwg.org/multipage/dom.html\#htmlunknownelement},
    key = {WHATWG},
    posted-at = {2015-12-01 09:48:11},
    priority = {2},
    title = {{HTML Standard}},
    url = {https://html.spec.whatwg.org/multipage/dom.html\#htmlunknownelement},
    year = {web}
}

@electronic{citeulike:13845061,
    author = {Glazkov, Dimitri},
    citeulike-article-id = {13845061},
    citeulike-linkout-0 = {http://w3c.github.io/webcomponents/spec/custom/\#concepts},
    day = {24},
    howpublished = {http://w3c.github.io/webcomponents/spec/custom/\#concepts},
    month = nov,
    organization = {W3C},
    posted-at = {2015-11-24 14:53:41},
    priority = {0},
    title = {{Custom Elements}},
    url = {http://w3c.github.io/webcomponents/spec/custom/\#concepts},
    year = {2015}
}

@misc{citeulike:13844988,
    author = {Schaffranek, Raoul},
    citeulike-article-id = {13844988},
    citeulike-linkout-0 = {https://blog.selfhtml.org/2014/12/09/web-components-eine-einfuehrung/},
    day = {9},
    howpublished = {https://blog.selfhtml.org/2014/12/09/web-components-eine-einfuehrung/},
    month = dec,
    posted-at = {2015-11-24 12:30:02},
    priority = {0},
    publisher = {SelfHTML Blog},
    title = {{Web Components – eine Einf\"{u}hrung}},
    url = {https://blog.selfhtml.org/2014/12/09/web-components-eine-einfuehrung/},
    year = {2014}
}

@misc{citeulike:13844984,
    author = {Gasston, Peter},
    citeulike-article-id = {13844984},
    citeulike-linkout-0 = {http://www.smashingmagazine.com/2014/03/introduction-to-custom-elements/},
    howpublished = {http://www.smashingmagazine.com/2014/03/introduction-to-custom-elements/},
    month = mar,
    posted-at = {2015-11-24 12:27:10},
    priority = {0},
    publisher = {Smashing Magazine},
    title = {{A Detailed Introduction To Custom Elements}},
    url = {http://www.smashingmagazine.com/2014/03/introduction-to-custom-elements/},
    year = {2014}
}

@electronic{citeulike:13844983,
    citeulike-article-id = {13844983},
    citeulike-linkout-0 = {http://caniuse.com/\#feat=custom-elements},
    howpublished = {http://caniuse.com/\#feat=custom-elements},
    key = {Can I Use - Custom Elements},
    posted-at = {2015-11-24 12:25:37},
    priority = {0},
    title = {{Custom Elements}},
    url = {http://caniuse.com/\#feat=custom-elements},
    year = {web}
}

@misc{citeulike:13844982,
    author = {Bidelman, Eric},
    citeulike-article-id = {13844982},
    citeulike-linkout-0 = {http://www.html5rocks.com/en/tutorials/webcomponents/customelements/},
    howpublished = {http://www.html5rocks.com/en/tutorials/webcomponents/customelements/},
    month = aug,
    posted-at = {2015-11-24 12:23:39},
    priority = {0},
    publisher = {HTML Rocks},
    title = {{Custom Elements: defining new elements in HTML}},
    url = {http://www.html5rocks.com/en/tutorials/webcomponents/customelements/},
    year = {2013}
}

@book{citeulike:13844975,
    author = {Overson, Jarrod and Strimpel, Jason},
    citeulike-article-id = {13844975},
    citeulike-linkout-0 = {http://www.amazon.ca/exec/obidos/redirect?tag=citeulike09-20\&amp;path=ASIN/1491949023},
    citeulike-linkout-1 = {http://www.amazon.de/exec/obidos/redirect?tag=citeulike01-21\&amp;path=ASIN/1491949023},
    citeulike-linkout-2 = {http://www.amazon.fr/exec/obidos/redirect?tag=citeulike06-21\&amp;path=ASIN/1491949023},
    citeulike-linkout-3 = {http://www.amazon.jp/exec/obidos/ASIN/1491949023},
    citeulike-linkout-4 = {http://www.amazon.co.uk/exec/obidos/ASIN/1491949023/citeulike00-21},
    citeulike-linkout-5 = {http://www.amazon.com/exec/obidos/redirect?tag=citeulike07-20\&path=ASIN/1491949023},
    citeulike-linkout-6 = {http://www.worldcat.org/isbn/1491949023},
    citeulike-linkout-7 = {http://books.google.com/books?vid=ISBN1491949023},
    citeulike-linkout-8 = {http://www.amazon.com/gp/search?keywords=1491949023\&index=books\&linkCode=qs},
    citeulike-linkout-9 = {http://www.librarything.com/isbn/1491949023},
    day = {27},
    edition = {1},
    howpublished = {Paperback},
    isbn = {1491949023},
    month = feb,
    posted-at = {2015-11-24 12:20:06},
    priority = {0},
    publisher = {O'Reilly Media},
    title = {{Developing Web Components: UI from jQuery to Polymer}},
    url = {http://www.worldcat.org/isbn/1491949023},
    year = {2015}
}

@electronic{citeulike:13752379,
    author = {Kitamura, Eiji},
    citeulike-article-id = {13752379},
    citeulike-linkout-0 = {https://www.google.de/\_/chrome/newtab?espv=2\&\#38;ie=UTF-8},
    howpublished = {http://webcomponents.org/articles/introduction-to-custom-elements/},
    month = nov,
    posted-at = {2015-11-24 12:17:04},
    priority = {0},
    title = {{Introduction to Custom Elements}},
    url = {https://www.google.de/\_/chrome/newtab?espv=2\&\#38;ie=UTF-8},
    year = {2014}
}

@misc{citeulike:13842702,
    author = {Kr\"{o}ner, Peter},
    citeulike-article-id = {13842702},
    howpublished = {http://www.peterkroener.de/web-components-erklaert-teil-1-was-sind-web-components},
    keywords = {web-components},
    month = may,
    posted-at = {2015-11-20 13:56:26},
    priority = {0},
    title = {{Web Components erkl\"{a}rt, Teil 1: Was sind Web Components?}},
    year = {2014}
}

@misc{citeulike:13842701,
    author = {Kr\"{o}ner, Peter},
    citeulike-article-id = {13842701},
    howpublished = {http://webkrauts.de/artikel/2014/das-web-der-zukunft},
    keywords = {web-components},
    month = dec,
    posted-at = {2015-11-20 13:54:34},
    priority = {0},
    title = {{Das Web der Zukunft}},
    year = {2014}
}

